2817 4734
577 152 724 286 Η
807 240 812 248 -
921 217 929 226 ·
1074 215 1152 290 ass

145 367 203 461 la,
229 335 469 466 barbarorum
493 370 663 463 insultus,
690 341 828 461 sames,
861 369 1054 469 aestusque
1072 396 1156 469 gra·
1190 324 1195 332 ¹

149 517 228 584 ves,
251 493 378 594 pestes,
404 494 443 572 δι
458 507 598 574 mortes
611 487 885 593 intempestivae
899 492 993 568 adeo
1009 493 1158 591 ingrue-

147 619 256 706 bant,
282 627 325 710 ut
334 616 411 692 vivi
426 598 641 716 sepeliendis
652 615 810 724 mortuis
821 613 921 728 baud
934 611 1157 708 sufficerent3
1288 632 1292 638 “

146 737 305 815 fulmina
318 738 427 828 item,
454 761 498 814 ac
516 736 688 836 terricula
703 735 1016 824 immittebantur,
1042 734 1157 824 adeo,
1251 768 1256 778 ¹
1329 744 1335 759 ¹

150 871 194 933 ut
207 859 411 956 ¹quemlibet
426 857 479 936 sui
495 857 602 958 ipsrus
615 855 806 934 solicitudo
820 848 977 934 teneret}
1005 848 1068 930 ¹Ex
1084 879 1158 954 quo

150 978 308 1070 sosium,
341 993 384 1055 ut
401 979 492 1079 iussa
517 979 666 1077 tyranni
686 977 819 1054 infesta
843 977 1051 1053 manserint
1105 973 1160 1054 At

153 1097 413 1178 Constantinus
432 1100 534 1178 omni
553 1097 668 1176 laude
685 1097 910 1197 dignissimus
929 1099 1046 1199 sospes
1064 1099 1162 1198 patri

152 1211 321 1300 redditus
341 1223 411 1314 est,
436 1224 500 1323 qui
514 1221 660 1318 magnis
673 1220 773 1310 Deo,
798 1206 897 1317 quod
912 1203 1043 1297 ¹sanum
1058 1244 1162 1297 rece·

152 1343 283 1444 pisset,
326 1345 455 1440 gratiis
477 1342 584 1430 asiis,
626 1365 703 1416 non
723 1341 842 1415 multb
868 1342 944 1438 post
965 1344 1162 1442 imperium

156 1466 192 1540 ei
205 1466 414 1561 tradensex
433 1465 504 1542 hac
525 1464 603 1539 vita
618 1459 780 1536 discessit.
829 1461 1089 1538 Constantinus
1100 1475 1165 1540 ve·
1204 1497 1207 1502 ·
1317 1471 1328 1482 ”

153 1591 204 1664 τὸ
224 1584 413 1666 Maximus
433 1586 637 1683 Imperator
661 1581 715 1656 est
738 1583 985 1660 renunciatus,
1036 1585 1164 1664 ‘Anno

137 1687 276 1810 'primo
300 1705 541 1803 Olympiadis·
563 1715 695 1800 ηψπ
729 1701 971 1802 Mensis-Juiii
992 1704 1052 1779 die
1073 1721 1164 1798 25m0

154 1841 350 1928 paternum
374 1824 467 1912 adiit
488 1821 702 1921 imperium,
744 1823 880 1918 quoda
896 1824 1026 1922 primis
1046 1827 1166 1902 Euro-

153 1972 224 2048 pae
248 1945 464 2044 regionibus
478 1945 526 2020 ad
543 1942 715 2042 Jonicum
731 1965 848 2040 usque
860 1966 963 2022 mare
978 1947 1166 2045 pertinge·

155 2068 231 2146 bat.
268 2065 481 2144 Maxentius
505 2055 682 2158 Romam,
719 2078 957 2164 caeterasque
980 2069 1028 2144 ad
1048 2068 1165 2147 Ocea

154 2207 244 2288 nom
263 2207 379 2286 usque
396 2185 605 2284 provincias
626 2187 758 2262 tenuit.
812 2187 886 2262 Hic
909 2190 1075 2266 omnium
1098 2217 1185 2266 an·-

155 2307 372 2386 tecessorum
393 2306 539 2382 suorum
553 2291 832 2406 improbissimus
844 2309 946 2384 cives
955 2312 1165 2404 Romanos,

156 2450 202 2508 ac
218 2432 381 2507 maxime
395 2427 621 2532 Christianos
643 2427 791 2518 afflixit,
816 2429 925 2506 bonis
945 2435 1165 2526 multorum,
1300 2441 1307 2454 ‘

156 2554 221 2650 qui
241 2554 420 2652 primores
443 2537 570 2641 erant,
596 2550 820 2639 occisorum,
853 2564 918 2626 aut
938 2554 1050 2630 exilio
1070 2555 1166 2632 mul·
1250 2651 1256 2662 ,
1325 2624 1329 2633 ,
1353 2588 1358 2615 ι

128 2679 131 2687 “
158 2673 338 2758 tiatomm
352 2672 515 2770 direptis
565 2665 717 2760 Eadem,
744 2694 815 2768 qua
832 2671 1012 2763 Galerius,
1033 2677 1168 2752 intem·

158 2793 326 2892 perantia
348 2791 451 2881 usus,
476 2793 612 2868 multas
634 2793 809 2866 mulieres
825 2791 1004 2888 ingenuas
1025 2793 1166 2893 polluit,
1204 2883 1206 2888 ,
1270 2860 1276 2878 .
1335 2871 1340 2876 ,

161 2927 272 3012 atque
294 2910 394 2988 mille
415 2911 454 2987 id
471 2933 588 3010 genus
607 2912 689 2987 aliis
712 2911 939 2989 facinoribus
958 2915 1081 3014 impie,
1101 2918 1168 2994 ob·

164 3034 368 3132 scoeneque
387 3035 604 3132 perpetratis
624 3028 1051 3116 intolerabilis-omnibus
1077 3051 1168 3130 erat,

161 3157 318 3254 magicis
333 3150 479 3230 deditus
495 3155 712 3253 imposturis.
737 3155 840 3246 ¹Cum
849 3149 1183 3238 Constantinusm.'=

159 3275 444 3376 septentrionis,
491 3276 529 3375 ist
565 3275 769 3354 occidentis
805 3289 931 3376 partes
970 3297 1088 3376 usque
1120 3278 1169 3356 ad
1249 3317 1254 3328 1
1295 3370 1297 3379 y

161 3397 351 3472 Oceanum
375 3397 527 3476 ditionis
543 3395 626 3471 suae
645 3395 801 3485 fecisset,
837 3400 914 3497 pax'
929 3395 1087 3487 summa,
1123 3423 1168 3476 ac
1298 3434 1307 3442 ·

160 3515 259 3592 laeta
274 3517 521 3626 tranquillitas
535 3515 574 3591 in
592 3518 774 3608 omnibus
799 3539 891 3617 quae
904 3517 967 3616 ipsi
979 3519 1167 3618 parebant,

160 3633 374 3734 regionibus
390 3651 481 3713 erat
539 3633 699 3724 Romani
721 3641 841 3732 cives,
863 3639 923 3756 ‚ad
939 3639 1043 3718 illum
1060 3640 1168 3717 mise-

159 3847 225 3939 (ιη)
244 3849 317 3922 msc.
339 3843 491 3954 quispim,
616 3879 618 3884 ·

158 3981 474 4068 (²¹)A10Ms0bffl·
585 4091 587 4100 Α

1079 3727 1387 3838 ωηεἸ

1240 3881 1248 3909 .
