2817 4734
31 3387 36 3396 “
138 3391 193 3474 (n)
213 3391 265 3458 Ar.
282 3393 330 3460 M.
358 3411 522 3465 conamur,

395 209 726 302 'li-i*
976 222 1163 297 x*orror

156 401 196 469 tn
218 379 378 469 rnilitum
398 391 634 494 multitudine
659 393 885 494 conspicuus.
952 398 1047 474 Cum
1068 401 1159 498 verb
1294 388 1297 396 ’

151 514 331 612 praelium
348 513 520 604 iniretur,
556 516 833 620 &venerabilis
847 539 939 592 crux
954 532 1157 616 appareret
1231 570 1233 577 ·
1363 568 1372 587 ·

151 634 302 729 tyranni
330 633 469 711 milites
491 636 639 735 inipetu,
657 636 757 712 haud
783 647 940 734 excepto
968 639 1008 713 in
1030 639 1158 736 sugam
1239 623 1243 632 ’

103 749 107 756 ’
150 753 242 830 versi
260 753 369 847 sunt;.
392 754 452 830 his
472 757 622 855 quidem
641 759 810 833 celeriter
827 758 1066 856 fugientibus,
1082 750 1157 836 illis

97 919 99 924 .
150 886 277 952 autem
296 874 442 952 sortiter
455 877 739 975 insequentibus.
774 878 888 980 'Cum
902 880 1020 986 multa
1035 880 1173 955 honr·

18 1100 28 1114 Ι
149 1019 242 1070 num
272 995 387 1071 millia
416 988 644 1089 cecidissent,
677 1000 811 1098 reliqui
831 1005 998 1096 'tyranno
1029 997 1155 1101 reliito
1212 1002 1245 1076 Γ
1290 1078 1294 1089 ,

149 1118 365 1214 imperatori
384 1117 582 1209 se‘dedere,
633 1121 772 1220 Impius
780 1145 862 1211 „ne
879 1120 920 1196 in
937 1121 1027 1218 suga
1040 1108 1157 1218 ag'noa

149 1231 320 1329 sceretur,
344 1237 503 1336 ubjeito,
529 1264 602 1338 quo
618 1240 794 1338 indignus
812 1252 909 1330 erat,
933 1241 1154 1331 diademate,
1246 1318 1249 1322 A
1350 1312 1353 1317 ,

148 1363 324 1457 tanquam
346 1362 538 1458 gregarius
561 1362 712 1459 quidam
732 1361 841 1438 miles
861 1372 951 1439 erat.
1014 1362 1153 1438 Errans

149 1481 349 1580 persicos,
380 1481 489 1579 seque
506 1483 695 1558 occultans
719 1483 789 1580 vix·
809 1504 894 1558 cum
910 1481 1038 1580 paucis
1059 1484 1154 1559 ami·
1321 1502 1325 1526 ι
1392 1481 1399 1489 “

148 1603 202 1677 cis
224 1602 345 1678 nudus
373 1601 494 1678 evasit.
560 1603 817 1702 congregatos
842 1612 967 1680 autern
987 1603 1152 1681 Deorum
1217 1669 1226 1702 ,

148 1723 196 1799 fic
217 1722 395 1797 ditiorum
410 1720 635 1811 sacerdotes,
661 1723 878 1825 prophetas,
904 1745 1084 1820 augoreS,
1112 1723 1153 1802 δι

147 1866 279 1930 omnes
298 1843 339 1915 in
361 1841 546 1918 vaticiniis
561 1844 744 1932 celebres,
769 1868 868 1951 quos3
885 1856 995 1920 antea
1012 1851 1150 1934 amore,
1178 1862 1182 1868 ·
1245 1934 1253 1948 Ι

147 1963 344 2043 &honore
366 1961 691 2060 complestebatur,
722 1977 900 2063 tanquam
921 1965 1147 2063 impostores,
1204 1947 1208 1955 ’

145 2053 382 2184 deceptores,
407 2105 451 2160 ac
465 2083 590 2160 salutis
612 2085 697 2162 suae
715 2084 943 2194 insidiatores
957 2079 1152 2184 jugulavit.

148 2207 246 2284 Cum
260 2205 337 2304 jam
352 2203 460 2282 vivus
480 2206 521 2281 in
541 2229 674 2284 manus
694 2207 861 2286 Caesaris
872 2219 1050 2284 venturus
1066 2204 1153 2282 esset

148 2327 312 2428 (bellurn
332 2327 433 2403 enim
451 2327 506 2404 illi
525 2327 647 2414 adhuc
667 2328 850 2429 instabat)
871 2329 927 2405 ira
941 2327 1012 2404 Dei
1031 2349 1153 2404 corre-

145 2462 250 2549 ptum
266 2450 338 2524 hoc
354 2449 394 2524 in
409 2449 503 2526 statu
520 2452 727 2542 coustituit,
758 2463 803 2527 ut
821 2448 1003 2551 projetius
1020 2450 1060 2525 in
1076 2461 1152 2524 ter·

144 2593 225 2648 ram
249 2565 396 2667 supinus
422 2593 531 2669 opem
557 2573 788 2669 imploraret,
821 2597 891 2647 nec
913 2571 1152 2670 consequere·

144 2702 216 2767 tur.
265 2690 431 2769 Flamma
452 2703 577 2766 autem
597 2715 644 2765 ex
659 2686 748 2768 imis
762 2691 980 2781 uisceribus,
1012 2713 1055 2767 nc
1072 2713 1152 2792 rne-
1166 2752 1191 2766 ..

144 2811 256 2886 dullis
292 2810 443 2899 accensa
472 2811 724 2922 intolergndos
754 2813 807 2886 illi
833 2812 982 2886 dolores
1009 2809 1151 2898 inuffit,
1198 2911 1203 2916 .

141 2931 254 3020 adeo,
286 2942 328 3004 ut
348 2930 629 3018 discruciatum,
666 2930 705 3010 δι
723 2932 840 3018 ultrb,
875 2931 1042 3027 citrbque
1062 2950 1148 3004 ver·
1273 2947 1276 2955 ’

142 3053 222 3128 sum
244 3051 353 3132 ambo
381 3053 479 3130 oculi
508 3039 549 3128 in
571 3062 710 3158 terram
739 3051 965 3169 prosilientes
992 3073 1145 3126 caecum

137 3175 398 3272 relinquerent
435 3173 600 3250 Flamma
609 3186 740 3281 vautern
757 3174 857 3251 intus
872 3173 911 3251 in
925 3170 1144 3251 immensum
1192 3232 1194 3241 .
1240 3174 1242 3179 ’

361 3293 363 3296 ’
1009 3291 1141 3377 arden·

140 3512 197 3596 (x)
217 3513 272 3581 Al.
287 3513 337 3580 Μ’.
360 3537 483 3593 paneae.
