2817 4734
466 329 469 337 y
530 260 537 268 ·
576 163 725 310 ,ap-g,
794 289 797 294 .
1084 243 1159 320 κῃ

154 376 351 510 prehensus
364 411 460 484 erat»
505 401 582 484 Sed
594 403 760 495 infirmis
781 414 824 480 ut
837 412 1042 483 creatorem
1057 425 1163 484 crea·

152 530 245 604 turis
274 537 542 626 exaequarent,
574 525 788 625 persuadere
808 527 977 604 tentavit
1014 525 1163 625 Atque
1265 558 1269 567 «
1338 525 1392 562 ‘·

96 697 99 702 -
149 648 286 748 ingens
325 645 507 726 rursum
497 671 538 724 m
567 646 728 727 ecclesis
759 649 831 735 Dei
851 649 1036 725 tumultus
1063 659 1161 738 erat,
1192 742 1193 745 q

117 813 121 820 ·
150 769 245 850 Ario
262 771 423 869 quodam
436 769 690 848 Alexandrino
705 769 873 872 summu
863 770 948 846 nnis
970 769 1165 859 miscente,

71 989 74 1002 q
150 892 352 989 orbemque
376 892 643 991 perturbante.
682 891 982 968 Abducebantur
995 913 1160 975 unacum

149 1013 217 1091 illo
236 1012 387 1112 quidem
408 1011 577 1114 Episcopi
590 1014 697 1112 pauci
712 1036 885 1103 numero,
912 1034 1069 1109 quorum
1084 1011 1161 1112 pri·

146 1157 235 1212 mus
257 1144 339 1210 erat
358 1133 534 1230 Eusebius
549 1134 855 1221 nicomediense,
881 1132 1063 1222 Euzoius,
1088 1133 1162 1234 Pa,
1195 1153 1198 1160 ·

150 1255 353 1356 trophilus,
385 1254 522 1354 aliique
542 1277 628 1331 cum
641 1240 735 1354 ipsis.
773 1253 948 1334 Meletius
964 1242 1163 1353 eujusdam

149 1378 191 1456 in
212 1375 388 1476 Aegypto
411 1377 574 1484 civitatis
595 1374 815 1475 Episcopus,
849 1374 974 1471 quiin
994 1374 1162 1474 persecu-
1203 1467 1207 1484 ί
1286 1356 1298 1481 ἰ

73 1556 75 1565 «
147 1500 252 1577 tione
272 1497 354 1575 Diis
372 1497 599 1586 immolavit,
624 1495 706 1572 aliis
720 1495 843 1571 adhuc
857 1494 1074 1574 criminibus
1093 1496 1161 1576 ob·

148 1621 302 1711 noxius,
330 1644 352 1696 a
373 1621 484 1695 Petro
501 1617 701 1716 Episcopo,
728 1617 767 1695 δι
782 1619 949 1714 Martyre
965 1615 1160 1716 depofitus,
1265 1628 1268 1631 ’

147 1753 296 1843 praeter
317 1739 453 1819 distem
468 1763 491 1814 a
507 1737 543 1813 se
562 1738 850 1815 Meletianorum
862 1735 1044 1826 haerefin,
1067 1736 1163 1814 Ario

149 1864 192 1942 in
212 1859 459 1959 oppugnanda
474 1860 612 1958 pietate
629 1859 749 1936 socius
763 1871 854 1937 erat.
902 1859 1166 1939 Constantinus

151 1981 230 2059 visa
245 1982 316 2057 hac
335 1979 577 2056 contentione
593 1981 745 2072 anxius,
778 1982 900 2082 primb
916 1979 1067 2080 quidem
1080 1978 1165 2055 lite«
1232 1993 1237 2007 ’

150 2103 204 2182 ris
225 2101 488 2178 exhortatoriis
512 2101 618 2180 litem
639 2103 831 2203 utriusque
851 2098 967 2204 partis
990 2101 1165 2177 dirimere

146 2225 366 2302 conabatur.
422 2223 609 2300 Intelletto
635 2236 779 2314 autem,
814 2223 1012 2303 orientales
1032 2223 1080 2300 de
1098 2226 1179 2323 pa·¹

150 2346 406 2424 schateetiam
423 2344 638 2446 discrepare,
663 2345 969 2450 hocJudaeorum
984 2367 1166 2423 morecea
1244 2369 1248 2374 ·
1314 2324 1315 2327 Ὺ

33 2522 36 2528 ,
149 2467 293 2547 lebrare
307 2467 455 2558 solitos,
464 2457 634 2544 ¹Hosrum
646 2467 843 2551 Cordubae
858 2468 1079 2568 Episcopum
1093 2464 1166 2542 mi-

151 2587 213 2679 srt,
252 2600 297 2664 ut
312 2587 562 2666 Alexandriae
583 2611 665 2664 rem
688 2588 799 2683 Arii,
837 2582 881 2664 in
901 2589 1045 2666 oriente
1072 2589 1166 2665 verb

153 2731 234 2787 rem
248 2708 430 2812 paschatis
448 2720 698 2823 componeret.
756 2707 812 2788 At
832 2731 918 2784 cum
933 2733 975 2785 re
990 2709 1165 2807 utrinque
1285 2761 1289 2767 -
1361 2669 1365 2679 „

23 2893 25 2906 .
153 2813 289 2906 inferia
323 2826 511 2919 rediisset,
556 2815 766 2907 Nicaenum
795 2827 929 2905 Caesar
963 2828 1165 2907 concilium

153 2949 294 3048 coegit,
326 2963 529 3048 congregat
530 2950 562 3024 is
579 2967 650 3048 318
666 2973 821 3026 numero
836 2949 1044 3050 Episcopis,
1071 2971 1166 3048 quo
1227 3019 1231 3040 ι

153 3085 238 3150 rum
250 3070 414 3169 plerique
427 3069 648 3152 confessores
661 3084 786 3162 erant,
808 3066 988 3168 stigm'atis
1001 3068 1168 3172 JesuDo·

155 3192 249 3270 mini
273 3192 418 3330 corpori
439 3191 626 3294 impressis.
685 3193 759 3270 His
780 3193 948 3269 interfuit
964 3192 1078 3268 etiam
1092 3189 1168 3290 ipse
1229 3267 1241 3274 .

154 3314 219 3392 ille
246 3315 349 3390 omni
369 3315 479 3392 laude
497 3311 723 3414 digniffimus
741 3314 1013 3392 Constantinus
1045 3312 1168 3390 Atha

144 3433 277 3515 nanus
292 3437 382 3516 verb
397 3439 450 3519 M.
474 3436 596 3559 adhuc
611 3435 811 3531 diaconus,
842 3433 1064 3540 &Episcopi
1078 3431 1173 3509 Ale«

48 3573 53 3590 ·
1016 3553 1168 3636 xandri

158 3671 213 3758 (u)
235 3671 367 3739 noeman
368 3663 474 3728 min
435 3665 499 3752 υέις
512 3681 586 3748 appr
601 3691 653 3742 ee.
676 3691 824 3742 mererer.
889 3684 894 3692 ’
951 3677 956 3688 ’

159 3781 217 3880 (x)
237 3793 357 3864 AtM
351 3805 472 3878 ,τσιειφ
472 3819 498 3880 ς
499 3815 561 3864 nur.

160 3909 214 3995 (y)
234 3909 371 4016 Mica
332 3931 383 3980 tr.

724 3972 855 4097 84Ι
