2817 4734
315 122 318 133 ’
456 100 751 229 ’11-14
954 244 956 249 .
1121 159 1270 239 nr,-

178 321 353 401 vaxcino
392 319 567 410 errare,
621 320 661 400 a
697 310 913 398 calcamur
955 318 1186 434 Assyriorum
1263 309 1305 427 j

177 446 259 522 Rex
271 444 543 522 ,Samaritanus
559 440 612 537 ¹in
634 442 823 530 Mediam,
865 440 1202 543 Babyloniamque'

13 574 17 581 “
127 577 147 622 '·
175 539 452 642 custodieridam
473 560 536 639 sub
560 560 651 637 Osee
670 560 870 638 transtulit.
933 562 1070 639 Sextus
1095 559 1183 642 hmo

11 675 19 692 ’
172 684 357 780 Ezechiae
380 683 488 781 regni
510 694 732 762 annuserat.
782 682 937 760 Decimo
950 695 1081 780 quarto
1094 708 1183 761 con·
1226 743 1231 757 ,

172 816 233 884 tra
262 805 463 883 Ezechiam
500 802 811 881 Sennacherimus
839 803 923 880 Rex
952 800 1182 903 Assyriorum

171 928 380 1005 exercitum
392 922 569 1002 admovit
616 923 821 1001 llloautem
835 924 911 1000 Dei
922 946 1032 1021 opem
1030 916 1195 1027 impio-¹
1355 984 1358 1004 .

170 1020 278 1130 raote
313 1063 380 1143 185
415 1044 533 1121 millia
558 1041 789 1166 Assyriorum
820 1043 866 1121 ab
904 1044 1037 1143 angelo
1068 1044 1177 1125 occist

169 1167 263 1244 sunt
311 1163 550 1245 Barodachus
570 1124 801 1265 Assyriorum
822 1167 924 1255 Rex,
943 1166 1177 1245 ..Sennache

169 1288 254 1365 rimi
273 1286 462 1376 successor,
488 1287 634 1385 legatos
652 1287 701 1365 ad
720 1311 807 1365 eurn
825 1289 873 1363 de
891 1310 983 1387 pace
995 1286 1143 1379 misit,
1133 1312 1182 1367 111
1213 1376 1217 1387 ,

25 1464 31 1471 -
164 1410 271 1486 coelo
289 1408 374 1486 solis
391 1406 596 1505 retrogreffi
615 1409 845 1507 prodigium,
872 1420 916 1485 ut
938 1408 1122 1488 Ezechiae
1147 1436 1171 1489 a

163 1530 242 1607 Deo
258 1530 394 1606 distum
409 1541 499 1617 erat,
527 1528 767 1627 conspicatus.
820 1527 995 1627 Subejus
1009 1530 1165 1631 imperio
1268 1632 1272 1641 1
1373 1560 1375 1573 ·

161 1650 276 1751 justus
296 1650 432 1727 Tobias
455 1666 503 1722 ex
520 1648 690 1744 captivis
697 1647 819 1723 Israeli
830 1670 927 1726 unus
939 1648 1074 1727 Ninevi
1085 1674 1167 1730 mo

159 1785 281 1858 ratus,
311 1769 349 1845 ἃ
368 1770 415 1843 ab
436 1765 583 1862 Angelo
600 1764 789 1864 Raphaele
808 1767 1019 1883 admonitus
1039 1771 1167 1846 oculo

84 1878 87 1885 ‘
158 1914 243 1967 rum
258 1890 385 1965 lumen
404 1910 452 1963 ex
467 1884 605 1984 Angeli
621 1884 775 1987 dispofit
765 1875 850 1972 roric
872 1886 1092 1979 adhibito
1056 1889 1116 1991 prs
1110 1892 1165 1969 cis

155 2010 230 2089 fele
253 2008 403 2109 recepit

250 2130 326 2208 Hic
341 2128 521 2209 Ezechias
544 2153 621 2210 nou
643 2126 848 2231 serpentem
866 2056 981 2209 solum
996 2156 1019 2209 a
1033 2132 1160 2230 Moyse
1252 2186 1260 2215 2
1295 2126 1299 2135 “

156 2251 361 2355 suspensum
375 2251 523 2353 dejecit,
540 2264 668 2351 utpote
681 2253 816 2353 populo
834 2253 888 2329 illi
903 2222 990 2329 thus
1006 2253 1159 2343 adolen-
1286 2274 1289 2282 ’

150 2385 201 2464 te,
227 2373 290 2451 sed
305 2372 343 2451 &
356 2374 493 2451 librum
500 2373 712 2451 Salomonis
730 2373 776 2451 de
794 2374 896 2451 omni
911 2398 1045 2473 genere
1059 2398 1159 2455 rnor-

150 2497 283 2573 borum
297 2490 460 2570 curando
475 2492 694 2593 insculptum
709 2495 859 2575 excidit.
890 2496 974 2581 Hoc
991 2508 1158 2595 ternpore

149 2617 285 2695 Thales
301 2611 462 2692 Milesrus
476 2613 617 2691 Tenedi
639 2609 807 2704 decessit,
839 2615 878 2693 ἂ
899 2616 1042 2713 Sibylla
1062 2618 1156 2716 Ery
1210 2660 1215 2675 ι

150 2737 280 2813 urraca
296 2733 438 2811 claruit.
477 2732 658 2814 Manates
672 2733 856 2811 Ezechiae
870 2734 1097 2815 filiusaonos
1107 2756 1154 2832 55
1213 2747 1215 2752 ·
1359 2798 1362 2808 ,

1009 2854 1155 2957 imperii

145 3020 184 3105 (y
223 3015 437 3086 caracara.
455 3012 617 3102 &Gurg
633 3014 722 3102 Syre.
747 3012 891 3103 pangi-up
