<?xml version="1.0" encoding="UTF-8"?>
<!DOCTYPE html PUBLIC "-//W3C//DTD XHTML 1.0 Transitional//EN"
    "http://www.w3.org/TR/xhtml1/DTD/xhtml1-transitional.dtd">
<html xmlns="http://www.w3.org/1999/xhtml" xml:lang="en" lang="en">
 <head>
  <title>
</title>
<meta http-equiv="Content-Type" content="text/html;charset=utf-8" />
  <meta name='ocr-system' content='tesseract 3.04.00' />
  <meta name='ocr-capabilities' content='ocr_page ocr_carea ocr_par ocr_line ocrx_word'/>
</head>
<body>
  <div class='ocr_page' id='page_1' title='image "./juliipollucishi00hardgoog_0374.png"; bbox 0 0 2817 4734; ppageno 0'>
   <div class='ocr_carea' id='block_1_1' title="bbox 76 190 1203 865">
    <p class='ocr_par' dir='ltr' id='par_1_1' title="bbox 76 190 1203 865">
     <span class='ocr_line' id='line_1_1' title="bbox 121 190 1203 347; baseline 0.007 -39"><span class='ocrx_word' id='word_1_1' title='bbox 121 190 126 198; x_wconf 72' lang='grc'><strong>’</strong></span> <span class='ocrx_word' id='word_1_2' title='bbox 361 267 363 271; x_wconf 93' lang='grc'><strong>-</strong></span> <span class='ocrx_word' id='word_1_3' title='bbox 472 311 474 316; x_wconf 79' lang='grc'>,</span> <span class='ocrx_word' id='word_1_4' title='bbox 540 190 729 302; x_wconf 56' lang='lat'>‘4⁴³3</span> <span class='ocrx_word' id='word_1_5' title='bbox 997 275 999 281; x_wconf 93' lang='lat'>-</span> <span class='ocrx_word' id='word_1_6' title='bbox 1085 239 1203 347; x_wconf 47' lang='grc' dir='ltr'>343ψ</span> 
     </span>
     <span class='ocr_line' id='line_1_2' title="bbox 142 364 1163 494; baseline 0.006 -24"><span class='ocrx_word' id='word_1_7' title='bbox 142 370 260 491; x_wconf 66' lang='lat' dir='ltr'>verfid</span> <span class='ocrx_word' id='word_1_8' title='bbox 277 364 325 474; x_wconf 87' lang='lat' dir='ltr'>ad</span> <span class='ocrx_word' id='word_1_9' title='bbox 337 395 572 494; x_wconf 81' lang='lat' dir='ltr'>tyrannidem</span> <span class='ocrx_word' id='word_1_10' title='bbox 595 395 713 472; x_wconf 90' lang='lat' dir='ltr'>oculis</span> <span class='ocrx_word' id='word_1_11' title='bbox 725 376 991 474; x_wconf 84' lang='lat' dir='ltr'>Dometianum</span> <span class='ocrx_word' id='word_1_12' title='bbox 1006 397 1163 477; x_wconf 72' lang='lat' dir='ltr'>orientis</span> 
     </span>
     <span class='ocr_line' id='line_1_3' title="bbox 76 516 1172 619; baseline 0.006 -27"><span class='ocrx_word' id='word_1_13' title='bbox 76 545 86 552; x_wconf 94' lang='lat'><em>·</em></span> <span class='ocrx_word' id='word_1_14' title='bbox 140 516 391 618; x_wconf 76' lang='lat' dir='ltr'>praesedum,</span> <span class='ocrx_word' id='word_1_15' title='bbox 424 517 658 614; x_wconf 83' lang='lat' dir='ltr'>&amp;Magnum</span> <span class='ocrx_word' id='word_1_16' title='bbox 678 516 933 606; x_wconf 88' lang='lat' dir='ltr'>Quaestorem,</span> <span class='ocrx_word' id='word_1_17' title='bbox 966 519 1030 617; x_wconf 89' lang='lat' dir='ltr'>qui</span> <span class='ocrx_word' id='word_1_18' title='bbox 1053 519 1172 619; x_wconf 54' lang='lat' dir='ltr'>ipsiu?</span> 
     </span>
     <span class='ocr_line' id='line_1_4' title="bbox 142 635 1163 749; baseline 0.004 -35"><span class='ocrx_word' id='word_1_19' title='bbox 142 635 300 716; x_wconf 76' lang='lat' dir='ltr'>consilia</span> <span class='ocrx_word' id='word_1_20' title='bbox 318 637 530 716; x_wconf 89' lang='lat' dir='ltr'>Constantio</span> <span class='ocrx_word' id='word_1_21' title='bbox 547 637 813 733; x_wconf 65' lang='lat' dir='ltr'>indicaverant,</span> <span class='ocrx_word' id='word_1_22' title='bbox 838 638 1034 749; x_wconf 76' lang='lat' dir='ltr'>interfecit.</span> <span class='ocrx_word' id='word_1_23' title='bbox 1079 642 1163 729; x_wconf 90' lang='lat' dir='ltr'>Quo</span> 
     </span>
     <span class='ocr_line' id='line_1_5' title="bbox 104 751 1161 865; baseline 0.003 -31"><span class='ocrx_word' id='word_1_24' title='bbox 104 813 106 822; x_wconf 79' lang='lat'>·</span> <span class='ocrx_word' id='word_1_25' title='bbox 139 751 303 865; x_wconf 78' lang='lat' dir='ltr'>cognito</span> <span class='ocrx_word' id='word_1_26' title='bbox 322 758 555 837; x_wconf 85' lang='lat' dir='ltr'>Constantius</span> <span class='ocrx_word' id='word_1_27' title='bbox 572 758 722 836; x_wconf 87' lang='lat' dir='ltr'>Gallum</span> <span class='ocrx_word' id='word_1_28' title='bbox 740 758 972 848; x_wconf 76' lang='lat' dir='ltr'>accersitum,</span> <span class='ocrx_word' id='word_1_29' title='bbox 998 760 1046 836; x_wconf 84' lang='lat' dir='ltr'>ad</span> <span class='ocrx_word' id='word_1_30' title='bbox 1062 761 1161 837; x_wconf 88' lang='lat' dir='ltr'>insu·</span> 
     </span>
    </p>
   </div>
   <div class='ocr_carea' id='block_1_2' title="bbox 137 879 1158 1104">
    <p class='ocr_par' dir='ltr' id='par_1_2' title="bbox 137 879 1158 1104">
     <span class='ocr_line' id='line_1_6' title="bbox 137 879 1158 999; baseline 0.001 -41"><span class='ocrx_word' id='word_1_31' title='bbox 137 881 220 992; x_wconf 88' lang='lat' dir='ltr'>lam</span> <span class='ocrx_word' id='word_1_32' title='bbox 227 881 458 963; x_wconf 84' lang='lat' dir='ltr'>Phsabonem</span> <span class='ocrx_word' id='word_1_33' title='bbox 475 879 553 999; x_wconf 84' lang='lat' dir='ltr'>vita</span> <span class='ocrx_word' id='word_1_34' title='bbox 567 881 703 980; x_wconf 84' lang='lat' dir='ltr'>privari</span> <span class='ocrx_word' id='word_1_35' title='bbox 717 879 822 979; x_wconf 77' lang='lat' dir='ltr'>jussit.</span> <span class='ocrx_word' id='word_1_36' title='bbox 874 882 978 969; x_wconf 87' lang='lat' dir='ltr'><strong>Quae</strong></span> <span class='ocrx_word' id='word_1_37' title='bbox 994 905 1080 974; x_wconf 77' lang='lat' dir='ltr'>cum</span> <span class='ocrx_word' id='word_1_38' title='bbox 1093 883 1158 960; x_wconf 84' lang='lat' dir='ltr'>fie-</span> 
     </span>
     <span class='ocr_line' id='line_1_7' title="bbox 137 1001 1155 1104; baseline 0.002 -26"><span class='ocrx_word' id='word_1_39' title='bbox 137 1015 239 1091; x_wconf 87' lang='lat' dir='ltr'>rent,</span> <span class='ocrx_word' id='word_1_40' title='bbox 258 1003 443 1104; x_wconf 88' lang='lat' dir='ltr'>Julianum</span> <span class='ocrx_word' id='word_1_41' title='bbox 457 1003 553 1081; x_wconf 90' lang='lat' dir='ltr'>Galli</span> <span class='ocrx_word' id='word_1_42' title='bbox 565 1001 716 1078; x_wconf 86' lang='lat' dir='ltr'>fratrem</span> <span class='ocrx_word' id='word_1_43' title='bbox 734 1001 936 1099; x_wconf 80' lang='lat' dir='ltr'>designavit</span> <span class='ocrx_word' id='word_1_44' title='bbox 951 1002 1155 1097; x_wconf 82' lang='lat' dir='ltr'>Caesarem,</span> 
     </span>
    </p>
   </div>
   <div class='ocr_carea' id='block_1_3' title="bbox 17 1113 1157 1220">
    <p class='ocr_par' dir='ltr' id='par_1_3' title="bbox 17 1113 1157 1220">
     <span class='ocr_line' id='line_1_8' title="bbox 17 1113 1157 1220; baseline 0 -18"><span class='ocrx_word' id='word_1_45' title='bbox 17 1143 20 1158; x_wconf 83' lang='grc'><strong><em>’</em></strong></span> <span class='ocrx_word' id='word_1_46' title='bbox 137 1124 181 1202; x_wconf 78' lang='lat' dir='ltr'>dc</span> <span class='ocrx_word' id='word_1_47' title='bbox 198 1126 239 1199; x_wconf 91' lang='lat' dir='ltr'>in</span> <span class='ocrx_word' id='word_1_48' title='bbox 249 1125 408 1200; x_wconf 89' lang='lat' dir='ltr'>Galliam</span> <span class='ocrx_word' id='word_1_49' title='bbox 428 1113 748 1200; x_wconf 69' lang='lat' dir='ltr'>contra&#39;barbaro‘s</span> <span class='ocrx_word' id='word_1_50' title='bbox 762 1121 868 1199; x_wconf 85' lang='lat' dir='ltr'>mifit.</span> <span class='ocrx_word' id='word_1_51' title='bbox 895 1123 1078 1220; x_wconf 87' lang='lat' dir='ltr'>Tyrannis</span> <span class='ocrx_word' id='word_1_52' title='bbox 1091 1147 1157 1202; x_wconf 87' lang='lat' dir='ltr'>ve·</span> 
     </span>
    </p>
   </div>
   <div class='ocr_carea' id='block_1_4' title="bbox 13 3915 412 4000">
    <p class='ocr_par' dir='ltr' id='par_1_4' title="bbox 13 3915 412 4000">
     <span class='ocr_line' id='line_1_9' title="bbox 13 3915 412 4000; baseline -0.055 -6"><span class='ocrx_word' id='word_1_53' title='bbox 13 3989 15 3994; x_wconf 81' lang='grc'>,</span> <span class='ocrx_word' id='word_1_54' title='bbox 134 3915 190 4000; x_wconf 79' lang='lat' dir='ltr'>(d)</span> <span class='ocrx_word' id='word_1_55' title='bbox 210 3915 282 3982; x_wconf 79' lang='lat' dir='ltr'>usse.</span> <span class='ocrx_word' id='word_1_56' title='bbox 306 3927 412 3990; x_wconf 64' lang='lat' dir='ltr'>aeratae,</span> 
     </span>
    </p>
   </div>
   <div class='ocr_carea' id='block_1_5' title="bbox 125 1243 1155 1343">
    <p class='ocr_par' dir='ltr' id='par_1_5' title="bbox 125 1243 1155 1343">
     <span class='ocr_line' id='line_1_10' title="bbox 125 1243 1155 1343; baseline -0.001 -18"><span class='ocrx_word' id='word_1_57' title='bbox 125 1247 183 1325; x_wconf 60' lang='lat' dir='ltr'>xro</span> <span class='ocrx_word' id='word_1_58' title='bbox 208 1245 361 1323; x_wconf 88' lang='lat' dir='ltr'>sublatis</span> <span class='ocrx_word' id='word_1_59' title='bbox 377 1245 512 1324; x_wconf 91' lang='lat' dir='ltr'>Sirmio</span> <span class='ocrx_word' id='word_1_60' title='bbox 538 1243 715 1343; x_wconf 87' lang='lat' dir='ltr'>digressus</span> <span class='ocrx_word' id='word_1_61' title='bbox 741 1244 973 1320; x_wconf 85' lang='lat' dir='ltr'>Constantius</span> <span class='ocrx_word' id='word_1_62' title='bbox 995 1246 1155 1324; x_wconf 87' lang='lat' dir='ltr'>Romam</span> 
     </span>
    </p>
   </div>
   <div class='ocr_carea' id='block_1_6' title="bbox 131 1362 1328 1588">
    <p class='ocr_par' dir='ltr' id='par_1_6' title="bbox 131 1362 1328 1588">
     <span class='ocr_line' id='line_1_11' title="bbox 136 1362 1328 1467; baseline 0 -23"><span class='ocrx_word' id='word_1_63' title='bbox 136 1368 334 1467; x_wconf 87' lang='lat' dir='ltr'>pervenit,</span> <span class='ocrx_word' id='word_1_64' title='bbox 373 1367 420 1444; x_wconf 91' lang='lat' dir='ltr'>ob</span> <span class='ocrx_word' id='word_1_65' title='bbox 437 1377 616 1466; x_wconf 88' lang='lat' dir='ltr'>tyrannos</span> <span class='ocrx_word' id='word_1_66' title='bbox 635 1362 815 1454; x_wconf 62' lang='lat' dir='ltr'>extinsios,</span> <span class='ocrx_word' id='word_1_67' title='bbox 833 1363 964 1441; x_wconf 85' lang='lat' dir='ltr'>festum</span> <span class='ocrx_word' id='word_1_68' title='bbox 980 1365 1034 1441; x_wconf 90' lang='lat' dir='ltr'>ibi</span> <span class='ocrx_word' id='word_1_69' title='bbox 1055 1367 1156 1444; x_wconf 91' lang='lat' dir='ltr'>diem</span> <span class='ocrx_word' id='word_1_70' title='bbox 1215 1455 1222 1463; x_wconf 12' lang='grc' dir='ltr'>χ</span> <span class='ocrx_word' id='word_1_71' title='bbox 1318 1445 1328 1454; x_wconf 73' lang='grc'>,</span> 
     </span>
     <span class='ocr_line' id='line_1_12' title="bbox 131 1485 1285 1588; baseline -0.003 -22"><span class='ocrx_word' id='word_1_72' title='bbox 131 1489 411 1566; x_wconf 85' lang='lat' dir='ltr'>celebraturus.</span> <span class='ocrx_word' id='word_1_73' title='bbox 468 1490 611 1566; x_wconf 84' lang='lat' dir='ltr'>interea</span> <span class='ocrx_word' id='word_1_74' title='bbox 632 1485 873 1588; x_wconf 82' lang='lat' dir='ltr'>Juliusrebus</span> <span class='ocrx_word' id='word_1_75' title='bbox 889 1485 1060 1562; x_wconf 86' lang='lat' dir='ltr'>humanis</span> <span class='ocrx_word' id='word_1_76' title='bbox 1074 1512 1168 1574; x_wconf 54' lang='lat' dir='ltr'>ere-,1</span> <span class='ocrx_word' id='word_1_77' title='bbox 1279 1556 1285 1562; x_wconf 87' lang='lat'><em>.</em></span> 
     </span>
    </p>
   </div>
   <div class='ocr_carea' id='block_1_7' title="bbox 138 1607 1154 1711">
    <p class='ocr_par' dir='ltr' id='par_1_7' title="bbox 138 1607 1154 1711">
     <span class='ocr_line' id='line_1_13' title="bbox 138 1607 1154 1711; baseline 0 -24"><span class='ocrx_word' id='word_1_78' title='bbox 138 1622 230 1711; x_wconf 85' lang='lat' dir='ltr'>ptus</span> <span class='ocrx_word' id='word_1_79' title='bbox 255 1611 323 1699; x_wconf 86' lang='lat' dir='ltr'>esi,</span> <span class='ocrx_word' id='word_1_80' title='bbox 353 1607 604 1704; x_wconf 82' lang='lat' dir='ltr'>administrata</span> <span class='ocrx_word' id='word_1_81' title='bbox 625 1630 690 1708; x_wconf 87' lang='lat' dir='ltr'>per</span> <span class='ocrx_word' id='word_1_82' title='bbox 710 1628 753 1702; x_wconf 85' lang='lat'>15</span> <span class='ocrx_word' id='word_1_83' title='bbox 769 1630 887 1682; x_wconf 88' lang='lat' dir='ltr'>annos</span> <span class='ocrx_word' id='word_1_84' title='bbox 899 1607 1068 1686; x_wconf 87' lang='lat' dir='ltr'>Romana</span> <span class='ocrx_word' id='word_1_85' title='bbox 1092 1634 1154 1687; x_wconf 86' lang='lat' dir='ltr'>ec·</span> 
     </span>
    </p>
   </div>
   <div class='ocr_carea' id='block_1_8' title="bbox 136 1723 1275 1826">
    <p class='ocr_par' dir='ltr' id='par_1_8' title="bbox 136 1723 1275 1826">
     <span class='ocr_line' id='line_1_14' title="bbox 136 1723 1275 1826; baseline 0.001 -20"><span class='ocrx_word' id='word_1_86' title='bbox 136 1729 261 1807; x_wconf 86' lang='lat' dir='ltr'>clefia.</span> <span class='ocrx_word' id='word_1_87' title='bbox 294 1727 463 1807; x_wconf 89' lang='lat' dir='ltr'>Liber-ius</span> <span class='ocrx_word' id='word_1_88' title='bbox 478 1731 567 1804; x_wconf 77' lang='lat' dir='ltr'>vero</span> <span class='ocrx_word' id='word_1_89' title='bbox 584 1727 637 1804; x_wconf 88' lang='lat' dir='ltr'>illi</span> <span class='ocrx_word' id='word_1_90' title='bbox 654 1723 822 1817; x_wconf 76' lang='lat' dir='ltr'>successit.</span> <span class='ocrx_word' id='word_1_91' title='bbox 848 1726 993 1818; x_wconf 82' lang='lat' dir='ltr'>Aetius,</span> <span class='ocrx_word' id='word_1_92' title='bbox 1020 1731 1083 1826; x_wconf 92' lang='lat' dir='ltr'>qui</span> <span class='ocrx_word' id='word_1_93' title='bbox 1097 1730 1155 1808; x_wconf 85' lang='lat' dir='ltr'>di·</span> <span class='ocrx_word' id='word_1_94' title='bbox 1273 1741 1275 1745; x_wconf 83' lang='grc'><strong>’</strong></span> 
     </span>
    </p>
   </div>
   <div class='ocr_carea' id='block_1_9' title="bbox 84 1847 1214 2679">
    <p class='ocr_par' dir='ltr' id='par_1_9' title="bbox 84 1847 1214 2679">
     <span class='ocr_line' id='line_1_15' title="bbox 140 1847 1152 1952; baseline 0.003 -26"><span class='ocrx_word' id='word_1_95' title='bbox 140 1851 299 1939; x_wconf 71' lang='lat' dir='ltr'>cenatur</span> <span class='ocrx_word' id='word_1_96' title='bbox 314 1847 472 1937; x_wconf 79' lang='lat' dir='ltr'><strong>Atheus,</strong></span> <span class='ocrx_word' id='word_1_97' title='bbox 496 1847 720 1952; x_wconf 84' lang='lat' dir='ltr'>Antiochiae</span> <span class='ocrx_word' id='word_1_98' title='bbox 733 1849 773 1924; x_wconf 90' lang='lat' dir='ltr'>in</span> <span class='ocrx_word' id='word_1_99' title='bbox 788 1848 896 1945; x_wconf 87' lang='lat' dir='ltr'>Syria</span> <span class='ocrx_word' id='word_1_100' title='bbox 912 1850 1049 1948; x_wconf 89' lang='lat' dir='ltr'>prodiit</span> <span class='ocrx_word' id='word_1_101' title='bbox 1062 1850 1152 1929; x_wconf 78' lang='lat' dir='ltr'>hae·</span> 
     </span>
     <span class='ocr_line' id='line_1_16' title="bbox 139 1951 1150 2068; baseline 0 -20"><span class='ocrx_word' id='word_1_102' title='bbox 139 1951 344 2060; x_wconf 75' lang='lat' dir='ltr'>resiarcha,</span> <span class='ocrx_word' id='word_1_103' title='bbox 370 1961 469 2068; x_wconf 88' lang='lat' dir='ltr'>idem</span> <span class='ocrx_word' id='word_1_104' title='bbox 490 1993 575 2046; x_wconf 89' lang='lat' dir='ltr'>cum</span> <span class='ocrx_word' id='word_1_105' title='bbox 590 1969 683 2046; x_wconf 80' lang='lat' dir='ltr'>Ario</span> <span class='ocrx_word' id='word_1_106' title='bbox 699 1970 751 2046; x_wconf 87' lang='lat' dir='ltr'>de</span> <span class='ocrx_word' id='word_1_107' title='bbox 763 1969 957 2046; x_wconf 89' lang='lat' dir='ltr'>divinitate</span> <span class='ocrx_word' id='word_1_108' title='bbox 973 1969 1150 2064; x_wconf 87' lang='lat' dir='ltr'>sentiens,</span> 
     </span>
     <span class='ocr_line' id='line_1_17' title="bbox 137 2087 1214 2195; baseline -0.006 -26"><span class='ocrx_word' id='word_1_109' title='bbox 137 2087 468 2195; x_wconf 69' lang='lat' dir='ltr'>Arianorumrero</span> <span class='ocrx_word' id='word_1_110' title='bbox 481 2091 675 2169; x_wconf 83' lang='lat' dir='ltr'>discrimen</span> <span class='ocrx_word' id='word_1_111' title='bbox 689 2092 841 2181; x_wconf 85' lang='lat' dir='ltr'>faciens,</span> <span class='ocrx_word' id='word_1_112' title='bbox 859 2115 945 2176; x_wconf 91' lang='lat' dir='ltr'>cum</span> <span class='ocrx_word' id='word_1_113' title='bbox 957 2089 1088 2169; x_wconf 77' lang='lat' dir='ltr'>Arium</span> <span class='ocrx_word' id='word_1_114' title='bbox 1104 2094 1152 2170; x_wconf 86' lang='lat' dir='ltr'>ad</span> <span class='ocrx_word' id='word_1_115' title='bbox 1208 2159 1214 2163; x_wconf 85' lang='lat'>.</span> 
     </span>
     <span class='ocr_line' id='line_1_18' title="bbox 99 2199 1152 2316; baseline 0.004 -27"><span class='ocrx_word' id='word_1_116' title='bbox 99 2201 110 2213; x_wconf 86' lang='grc'><strong>’</strong></span> <span class='ocrx_word' id='word_1_117' title='bbox 139 2213 446 2292; x_wconf 81' lang='lat' dir='ltr'>communionem</span> <span class='ocrx_word' id='word_1_118' title='bbox 469 2212 702 2316; x_wconf 77' lang='lat' dir='ltr'>recepissent,</span> <span class='ocrx_word' id='word_1_119' title='bbox 738 2209 905 2312; x_wconf 88' lang='lat' dir='ltr'>tempore</span> <span class='ocrx_word' id='word_1_120' title='bbox 923 2199 1152 2293; x_wconf 82' lang='lat' dir='ltr'>Constantini</span> 
     </span>
     <span class='ocr_line' id='line_1_19' title="bbox 135 2333 1211 2435; baseline 0 -22"><span class='ocrx_word' id='word_1_121' title='bbox 135 2334 348 2413; x_wconf 87' lang='lat' dir='ltr'>Nicaenum</span> <span class='ocrx_word' id='word_1_122' title='bbox 364 2335 562 2412; x_wconf 88' lang='lat' dir='ltr'>concilium</span> <span class='ocrx_word' id='word_1_123' title='bbox 586 2333 621 2412; x_wconf 94' lang='lat' dir='ltr'>se</span> <span class='ocrx_word' id='word_1_124' title='bbox 637 2334 800 2435; x_wconf 89' lang='lat' dir='ltr'>recipere</span> <span class='ocrx_word' id='word_1_125' title='bbox 816 2334 959 2434; x_wconf 88' lang='lat' dir='ltr'>prorsus</span> <span class='ocrx_word' id='word_1_126' title='bbox 979 2334 1151 2413; x_wconf 81' lang='lat' dir='ltr'>simulan·</span> <span class='ocrx_word' id='word_1_127' title='bbox 1207 2343 1211 2348; x_wconf 82' lang='lat'><em>&#39;</em></span> 
     </span>
     <span class='ocr_line' id='line_1_20' title="bbox 135 2451 1150 2554; baseline 0.003 -20"><span class='ocrx_word' id='word_1_128' title='bbox 135 2467 228 2534; x_wconf 88' lang='lat' dir='ltr'>tem.</span> <span class='ocrx_word' id='word_1_129' title='bbox 262 2455 336 2534; x_wconf 90' lang='lat' dir='ltr'>Hic</span> <span class='ocrx_word' id='word_1_130' title='bbox 344 2454 477 2545; x_wconf 87' lang='lat' dir='ltr'>Aetius</span> <span class='ocrx_word' id='word_1_131' title='bbox 487 2480 623 2554; x_wconf 84' lang='lat' dir='ltr'>genere</span> <span class='ocrx_word' id='word_1_132' title='bbox 633 2456 783 2554; x_wconf 91' lang='lat' dir='ltr'>quidem</span> <span class='ocrx_word' id='word_1_133' title='bbox 792 2451 1048 2541; x_wconf 81' lang='lat' dir='ltr'>Antiochenus</span> <span class='ocrx_word' id='word_1_134' title='bbox 1058 2470 1150 2537; x_wconf 85' lang='lat' dir='ltr'>erat.</span> 
     </span>
     <span class='ocr_line' id='line_1_21' title="bbox 84 2561 1148 2679; baseline -0.001 -21"><span class='ocrx_word' id='word_1_135' title='bbox 84 2561 95 2566; x_wconf 52' lang='grc'><strong>’</strong></span> <span class='ocrx_word' id='word_1_136' title='bbox 134 2576 391 2658; x_wconf 84' lang='lat' dir='ltr'>Alexandriae</span> <span class='ocrx_word' id='word_1_137' title='bbox 408 2578 499 2654; x_wconf 81' lang='lat' dir='ltr'>verd</span> <span class='ocrx_word' id='word_1_138' title='bbox 509 2578 661 2679; x_wconf 84' lang='lat' dir='ltr'>Graecis</span> <span class='ocrx_word' id='word_1_139' title='bbox 678 2578 842 2654; x_wconf 89' lang='lat' dir='ltr'>imbutus</span> <span class='ocrx_word' id='word_1_140' title='bbox 853 2579 989 2668; x_wconf 88' lang='lat' dir='ltr'>literis,</span> <span class='ocrx_word' id='word_1_141' title='bbox 1015 2578 1054 2657; x_wconf 79' lang='lat' dir='ltr'>dr</span> <span class='ocrx_word' id='word_1_142' title='bbox 1066 2578 1148 2656; x_wconf 87' lang='lat' dir='ltr'>An·</span> 
     </span>
    </p>
   </div>
   <div class='ocr_carea' id='block_1_10' title="bbox 135 2697 1309 2778">
    <p class='ocr_par' dir='ltr' id='par_1_10' title="bbox 135 2697 1309 2778">
     <span class='ocr_line' id='line_1_22' title="bbox 135 2697 1309 2778; baseline -0.001 -2"><span class='ocrx_word' id='word_1_143' title='bbox 135 2698 320 2777; x_wconf 83' lang='lat' dir='ltr'>ti&#39;ochiam</span> <span class='ocrx_word' id='word_1_144' title='bbox 333 2697 507 2774; x_wconf 84' lang='lat' dir='ltr'>reversus</span> <span class='ocrx_word' id='word_1_145' title='bbox 526 2707 551 2774; x_wconf 72' lang='lat' dir='ltr'>a&#39;</span> <span class='ocrx_word' id='word_1_146' title='bbox 569 2697 727 2775; x_wconf 90' lang='lat' dir='ltr'>Leontio</span> <span class='ocrx_word' id='word_1_147' title='bbox 748 2697 886 2774; x_wconf 83' lang='lat' dir='ltr'>Ariano</span> <span class='ocrx_word' id='word_1_148' title='bbox 903 2698 1081 2774; x_wconf 83' lang='lat' dir='ltr'>diaconus</span> <span class='ocrx_word' id='word_1_149' title='bbox 1095 2699 1148 2778; x_wconf 88' lang='lat' dir='ltr'>est</span> <span class='ocrx_word' id='word_1_150' title='bbox 1167 2748 1170 2765; x_wconf 72' lang='lat'>‚</span> <span class='ocrx_word' id='word_1_151' title='bbox 1293 2721 1309 2734; x_wconf 87' lang='lat'><strong>·</strong></span> 
     </span>
    </p>
   </div>
   <div class='ocr_carea' id='block_1_11' title="bbox 38 2817 1306 3893">
    <p class='ocr_par' dir='ltr' id='par_1_11' title="bbox 38 2817 1306 3468">
     <span class='ocr_line' id='line_1_23' title="bbox 137 2817 1149 2908; baseline 0 -10"><span class='ocrx_word' id='word_1_152' title='bbox 137 2818 345 2898; x_wconf 87' lang='lat' dir='ltr'>ordinatus.</span> <span class='ocrx_word' id='word_1_153' title='bbox 366 2819 472 2898; x_wconf 87' lang='lat' dir='ltr'>Licet</span> <span class='ocrx_word' id='word_1_154' title='bbox 486 2819 617 2895; x_wconf 89' lang='lat' dir='ltr'>eadem</span> <span class='ocrx_word' id='word_1_155' title='bbox 627 2831 714 2893; x_wconf 78' lang='lat' dir='ltr'>crim</span> <span class='ocrx_word' id='word_1_156' title='bbox 722 2817 874 2894; x_wconf 82' lang='lat' dir='ltr'>Arianis</span> <span class='ocrx_word' id='word_1_157' title='bbox 885 2819 1044 2908; x_wconf 89' lang='lat' dir='ltr'>sentiret,</span> <span class='ocrx_word' id='word_1_158' title='bbox 1060 2843 1149 2898; x_wconf 88' lang='lat' dir='ltr'>eum</span> 
     </span>
     <span class='ocr_line' id='line_1_24' title="bbox 138 2929 1145 3039; baseline -0.001 -18"><span class='ocrx_word' id='word_1_159' title='bbox 138 2945 230 3021; x_wconf 90' lang='lat' dir='ltr'>odio</span> <span class='ocrx_word' id='word_1_160' title='bbox 264 2940 454 3030; x_wconf 87' lang='lat' dir='ltr'>habuere,</span> <span class='ocrx_word' id='word_1_161' title='bbox 494 2938 641 3038; x_wconf 91' lang='lat' dir='ltr'>eoquod</span> <span class='ocrx_word' id='word_1_162' title='bbox 674 2929 856 3015; x_wconf 86' lang='lat' dir='ltr'>sacrarum</span> <span class='ocrx_word' id='word_1_163' title='bbox 887 2938 1145 3039; x_wconf 87' lang='lat' dir='ltr'>scripturarum</span> 
     </span>
     <span class='ocr_line' id='line_1_25' title="bbox 134 3059 1147 3174; baseline -0.005 -31"><span class='ocrx_word' id='word_1_164' title='bbox 134 3062 284 3174; x_wconf 84' lang='lat' dir='ltr'>prorsus</span> <span class='ocrx_word' id='word_1_165' title='bbox 300 3061 503 3164; x_wconf 84' lang='lat' dir='ltr'>imperitus,</span> <span class='ocrx_word' id='word_1_166' title='bbox 531 3061 570 3140; x_wconf 75' lang='grc' dir='ltr'>δι</span> <span class='ocrx_word' id='word_1_167' title='bbox 583 3059 938 3160; x_wconf 83' lang='lat' dir='ltr'>interpretationum,</span> <span class='ocrx_word' id='word_1_168' title='bbox 956 3072 1067 3162; x_wconf 88' lang='lat' dir='ltr'>atque</span> <span class='ocrx_word' id='word_1_169' title='bbox 1081 3085 1147 3142; x_wconf 86' lang='lat' dir='ltr'>ex·</span> 
     </span>
     <span class='ocr_line' id='line_1_26' title="bbox 1079 3165 1300 3254; baseline -0.009 -5"><span class='ocrx_word' id='word_1_170' title='bbox 1079 3169 1148 3249; x_wconf 86' lang='lat' dir='ltr'>osi·</span> <span class='ocrx_word' id='word_1_171' title='bbox 1171 3165 1218 3180; x_wconf 49' lang='lat'>&#39;⁸</span> <span class='ocrx_word' id='word_1_172' title='bbox 1295 3249 1300 3254; x_wconf 74' lang='grc'><strong>,</strong></span> 
     </span>
     <span class='ocr_line' id='line_1_27' title="bbox 134 3196 1306 3358; baseline -0.02 -15"><span class='ocrx_word' id='word_1_173' title='bbox 134 3273 191 3358; x_wconf 72' lang='lat' dir='ltr'>(z)</span> <span class='ocrx_word' id='word_1_174' title='bbox 215 3273 288 3342; x_wconf 59' lang='lat' dir='ltr'>Sex.</span> <span class='ocrx_word' id='word_1_175' title='bbox 310 3278 427 3343; x_wconf 61' lang='lat' dir='ltr'>treuvia.</span> <span class='ocrx_word' id='word_1_176' title='bbox 580 3319 583 3329; x_wconf 56' lang='grc'><strong>«</strong></span> <span class='ocrx_word' id='word_1_177' title='bbox 944 3340 951 3355; x_wconf 27' lang='grc' dir='ltr'>κ</span> <span class='ocrx_word' id='word_1_178' title='bbox 1054 3196 1077 3272; x_wconf 77' lang='lat' dir='ltr'>p</span> <span class='ocrx_word' id='word_1_179' title='bbox 1258 3318 1260 3321; x_wconf 81' lang='grc'>,</span> <span class='ocrx_word' id='word_1_180' title='bbox 1304 3294 1306 3304; x_wconf 88' lang='grc'><em>·</em></span> 
     </span>
     <span class='ocr_line' id='line_1_28' title="bbox 38 3373 1147 3468; baseline -0.004 -19"><span class='ocrx_word' id='word_1_181' title='bbox 38 3390 41 3394; x_wconf 83' lang='grc'><strong>’</strong></span> <span class='ocrx_word' id='word_1_182' title='bbox 137 3381 195 3468; x_wconf 74' lang='lat' dir='ltr'>(a)</span> <span class='ocrx_word' id='word_1_183' title='bbox 215 3373 419 3448; x_wconf 85' lang='lat' dir='ltr'>Sozomenus</span> <span class='ocrx_word' id='word_1_184' title='bbox 434 3377 512 3448; x_wconf 75' lang='lat' dir='ltr'>srisd</span> <span class='ocrx_word' id='word_1_185' title='bbox 528 3378 560 3445; x_wconf 86' lang='lat' dir='ltr'>ei</span> <span class='ocrx_word' id='word_1_186' title='bbox 574 3395 676 3445; x_wconf 79' lang='lat' dir='ltr'>annos</span> <span class='ocrx_word' id='word_1_187' title='bbox 692 3375 801 3445; x_wconf 86' lang='lat' dir='ltr'><strong>XXV.</strong></span> <span class='ocrx_word' id='word_1_188' title='bbox 816 3375 864 3442; x_wconf 88' lang='lat' dir='ltr'>sui</span> <span class='ocrx_word' id='word_1_189' title='bbox 879 3375 1085 3463; x_wconf 71' lang='lat' dir='ltr'>Episcopatus</span> <span class='ocrx_word' id='word_1_190' title='bbox 1095 3386 1147 3446; x_wconf 76' lang='lat' dir='ltr'>nt·</span> 
     </span>
    </p>

    <p class='ocr_par' dir='ltr' id='par_1_12' title="bbox 221 3483 1142 3569">
     <span class='ocr_line' id='line_1_29' title="bbox 221 3483 1142 3569; baseline -0.011 -16"><span class='ocrx_word' id='word_1_191' title='bbox 221 3489 342 3556; x_wconf 86' lang='lat' dir='ltr'>tribuit.</span> <span class='ocrx_word' id='word_1_192' title='bbox 377 3487 482 3555; x_wconf 78' lang='lat' dir='ltr'>Vetus</span> <span class='ocrx_word' id='word_1_193' title='bbox 501 3487 587 3552; x_wconf 87' lang='lat' dir='ltr'>enim</span> <span class='ocrx_word' id='word_1_194' title='bbox 601 3485 682 3550; x_wconf 84' lang='lat' dir='ltr'>liber</span> <span class='ocrx_word' id='word_1_195' title='bbox 696 3485 736 3549; x_wconf 91' lang='lat' dir='ltr'>de</span> <span class='ocrx_word' id='word_1_196' title='bbox 750 3483 914 3569; x_wconf 77' lang='lat' dir='ltr'>Episcopie</span> <span class='ocrx_word' id='word_1_197' title='bbox 933 3484 1054 3550; x_wconf 85' lang='lat' dir='ltr'>Romae</span> <span class='ocrx_word' id='word_1_198' title='bbox 1067 3504 1142 3549; x_wconf 82' lang='lat' dir='ltr'>mr.</span> 
     </span>
    </p>

    <p class='ocr_par' dir='ltr' id='par_1_13' title="bbox 132 3590 1202 3893">
     <span class='ocr_line' id='line_1_30' title="bbox 220 3590 1202 3682; baseline -0.002 -24"><span class='ocrx_word' id='word_1_199' title='bbox 220 3601 288 3675; x_wconf 64' lang='lat' dir='ltr'>sat,</span> <span class='ocrx_word' id='word_1_200' title='bbox 311 3614 389 3661; x_wconf 86' lang='lat' dir='ltr'>eum.</span> <span class='ocrx_word' id='word_1_201' title='bbox 398 3590 506 3660; x_wconf 85' lang='lat' dir='ltr'>sedisse</span> <span class='ocrx_word' id='word_1_202' title='bbox 520 3591 586 3666; x_wconf 86' lang='lat' dir='ltr'>XV</span> <span class='ocrx_word' id='word_1_203' title='bbox 600 3593 709 3676; x_wconf 65' lang='lat' dir='ltr'>annu,</span> <span class='ocrx_word' id='word_1_204' title='bbox 723 3591 836 3660; x_wconf 73' lang='lat' dir='ltr'>&#39;meuse</span> <span class='ocrx_word' id='word_1_205' title='bbox 850 3595 938 3682; x_wconf 81' lang='lat' dir='ltr'>uno,</span> <span class='ocrx_word' id='word_1_206' title='bbox 959 3590 1071 3658; x_wconf 68' lang='lat' dir='ltr'>diebus</span> <span class='ocrx_word' id='word_1_207' title='bbox 1078 3590 1137 3664; x_wconf 86' lang='lat' dir='ltr'>XI.</span> <span class='ocrx_word' id='word_1_208' title='bbox 1198 3648 1202 3656; x_wconf 86' lang='grc'><em>,</em></span> 
     </span>
     <span class='ocr_line' id='line_1_31' title="bbox 134 3689 1022 3786; baseline 0 -28"><span class='ocrx_word' id='word_1_209' title='bbox 134 3701 188 3786; x_wconf 80' lang='lat' dir='ltr'>(b)</span> <span class='ocrx_word' id='word_1_210' title='bbox 210 3701 275 3767; x_wconf 83' lang='lat' dir='ltr'>Soc,</span> <span class='ocrx_word' id='word_1_211' title='bbox 296 3701 308 3758; x_wconf 75' lang='grc' dir='ltr'><em>ὅ</em></span> <span class='ocrx_word' id='word_1_212' title='bbox 327 3705 474 3767; x_wconf 66' lang='lat' dir='ltr'>tucamur.</span> <span class='ocrx_word' id='word_1_213' title='bbox 513 3733 515 3738; x_wconf 96' lang='lat'>·</span> <span class='ocrx_word' id='word_1_214' title='bbox 1016 3689 1022 3699; x_wconf 47' lang='grc'><strong>”</strong></span> 
     </span>
     <span class='ocr_line' id='line_1_32' title="bbox 132 3807 398 3893; baseline -0.011 -19"><span class='ocrx_word' id='word_1_215' title='bbox 132 3809 183 3893; x_wconf 81' lang='lat' dir='ltr'>(c)</span> <span class='ocrx_word' id='word_1_216' title='bbox 205 3807 279 3890; x_wconf 50' lang='lat' dir='ltr'>Soc„</span> <span class='ocrx_word' id='word_1_217' title='bbox 291 3819 398 3878; x_wconf 69' lang='grc' dir='ltr'>ιπεφυι.</span> 
     </span>
    </p>
   </div>
   <div class='ocr_carea' id='block_1_12' title="bbox 499 3982 1142 4116">
    <p class='ocr_par' dir='ltr' id='par_1_14' title="bbox 499 3982 1142 4116">
     <span class='ocr_line' id='line_1_33' title="bbox 499 3982 1142 4116; baseline 0.002 -22"><span class='ocrx_word' id='word_1_218' title='bbox 499 4016 521 4056; x_wconf 64' lang='grc'>·«</span> <span class='ocrx_word' id='word_1_219' title='bbox 643 3997 793 4096; x_wconf 70' lang='lat' dir='ltr'>Y54.</span> <span class='ocrx_word' id='word_1_220' title='bbox 966 4094 973 4116; x_wconf 23' lang='grc' dir='ltr'><strong>Χ</strong></span> <span class='ocrx_word' id='word_1_221' title='bbox 1140 3982 1142 3999; x_wconf 77' lang='lat'>&#39;</span> 
     </span>
    </p>
   </div>
   <div class='ocr_carea' id='block_1_13' title="bbox 0 0 1414 4734">
    <p class='ocr_par' dir='ltr' id='par_1_15' title="bbox 0 0 1414 4734">
     <span class='ocr_line' id='line_1_34' title="bbox 0 0 1414 4734; baseline 0 3"><span class='ocrx_word' id='word_1_222' title='bbox 0 0 1414 4734; x_wconf 95' lang='lat' dir='ltr'> </span> 
     </span>
    </p>
   </div>
  </div>
 </body>
</html>
