2817 4734
582 195 751 290 e-s'
896 225 902 249 ¹
1081 222 1155 299 2³0

148 373 277 476 byter,
291 373 345 470 ¹se
355 373 473 476 ipsum
486 374 532 454 ab
545 373 610 456 illa
628 370 773 453 divulsd
785 395 834 448 ex
850 372 1156 474 rationalequen·
1173 394 1175 399 ·

148 500 191 576 ti.
215 563 222 602 ,Ι
242 497 338 576 Cum
353 497 492 582 Decius
505 495 796 596 persecutionem
819 494 858 570 in
873 508 1040 594 tempore
1055 502 1156 578 exci-
1262 523 1269 532 ’
1314 522 1318 533 ’

146 631 268 721 taret,
312 617 601 699 Christianorum
631 615 783 716 quidam
810 609 1057 735 transversum
1087 621 1156 700 asli

147 742 231 820 Diis
255 741 520 830 immolarunt,
556 739 835 838 agnitoautem
860 738 1156 840 errore-seipsos

28 865 30 868 ’
148 860 334 943 Ecclesrae
349 861 603 949 reddiderunt,
630 860 782 958 dignam
796 873 950 960 peceato
964 863 1157 960 poeniten·

110 1043 113 1053 ,
147 986 242 1066 tiam
266 984 446 1074 faciendi,
479 983 717 1079 fideliumque
742 983 1044 1060 communionem
1066 1008 1156 1066 con·

148 1103 297 1184 feffione
310 1104 475 1184 merendi
498 1107 637 1182 animo.
674 1103 850 1186 „Nauatus
866 1105 979 1202 igitur
989 1105 1082 1181 fastu
1097 1119 1157 1182 tu·

141 1247 282 1319 ruens,
316 1249 382 1304 eos
405 1228 519 1326 recipi
539 1225 640 1328 haud
654 1223 816 1323 pernisn
831 1225 1011 1317 dicendo,
1036 1227 1156 1306 aslum
1273 1271 1276 1275 ν

147 1347 220 1424 elle
242 1348 287 1426 de
311 1349 471 1450 ipsorum
496 1350 625 1436 salute,
644 1345 829 1442 quamvis
852 1347 977 1422 omnia
991 1347 1155 1427 fincerae

147 1471 413 1565 conversionis,
447 1491 634 1570 puraeque
660 1465 894 1542 conseffionis
911 1469 1075 1545 remedia
1089 1474 1155 1546 ad-

145 1592 327 1671 hiberent.
386 1592 484 1669 Cum
506 1605 631 1666 autem
645 1588 840 1665 Cornelius
853 1602 950 1665 ⁴tuno
962 1591 1154 1670 Romanae

146 1711 330 1804 Ecclesiae
348 1710 554 1811 Episcopus
573 1730 734 1808 aequum
754 1709 935 1802 censeret,
961 1725 1004 1786 ut
1014 1714 1155 1812 recipe·

122 1842 295 1920 menna,
329 1833 497 1910 Navatus
519 1831 566 1908 ab
587 1828 749 1907 Ecclefia
771 1830 940 1930 seipsum
958 1831 1154 1932 separavit,
1196 1867 1205 1872 ·

144 1952 339 2030 haereseos
358 1953 527 2052 propriae
553 1951 811 2050 antesignanus
833 1951 960 2032 saeos.
1009 1955 1075 2030 Ex
1095 1958 1154 2032 his
1192 2040 1201 2056 ὁ

144 2075 228 2152 sunt
242 2071 507 2174 Sabbatiani‘a
521 2066 698 2152 Sabbatio
713 2075 927 2172 presbytero
945 2075 1032 2152 diui
1049 2079 1154 2153 Hex-

117 2197 346 2285 amonitae,
379 2195 461 2294 qui,
495 2217 713 2294 quacunque
742 2194 985 2272 hebdomadis
1003 2198 1064 2274 die
1088 2200 1153 2276 de·

144 2318 245 2393 eima
274 2329 404 2414 quarta
441 2318 546 2407 luna
563 2307 753 2406 inciderit,
787 2316 924 2414 'pascha
952 2320 1151 2399 celebrant.

68 2500 73 2508 .
147 2439 264 2516 Decio
281 2461 368 2524 curn
383 2426 467 2514 fillis
481 2437 682 2527 intersello,
710 2438 856 2527 Gallus,
884 2439 922 2516 dr
936 2437 1153 2518 Volusianus

146 2559 364 2647 succedunt,
388 2579 453 2656 per
466 2575 542 2634 tres
557 2545 946 2656 armosrerumpotiti.
994 2563 1065 2665 Per
1078 2563 1152 2640 hoc

145 2693 292 2777 tempus
311 2680 351 2754 in
364 2678 593 2776 Ptolemaide
608 2679 855 2776 Pentapoleos
868 2679 1076 2764 Sabelliana
1087 2709 1153 2758 ex·

32 2865 35 2876 .
145 2799 222 2882 tint
233 2797 408 2886 haeresrs;
432 2821 526 2896 quae
543 2799 889 2888 Patrem-Filium,
914 2800 1151 2897 &Spiritum

145 2919 185 3000 S.
211 2921 370 2996 eundem
391 2917 469 2995 esse'
484 2920 615 3000 asserit.
673 2916 909 3007 Valerianus,
934 2917 1087 3018 ejusque
1108 2922 1163 2998 fi-·

144 3045 217 3119 lius
236 3043 413 3119 Gallenus
432 3041 509 3142 post
524 3041 672 3117 Gallum
690 3051 892 3139 regnarunt
914 3064 1032 3117 annos
1051 3041 1149 3123 Xlls.

144 3165 224 3263 §ub
245 3173 401 3262 quorum
416 3162 572 3260 imperio
587 3177 667 3239 orta
685 3163 976 3240 Christianorum
985 3167 1151 3244 vexatio·

145 3289 194 3368 ne
216 3286 380 3384 plerique
403 3271 591 3360 multis'in
608 3285 699 3358 locis
720 3286 897 3380 martyrio
919 3283 1038 3362 affesli
1057 3284 1150 3379 sunt,
1179 3301 1182 3308 '

146 3427 302 3502 quorum
330 3403 487 3502 insrgnes
517 3420 623 3488 erant
641 3404 785 3480 Priscus
807 3403 1006 3483 Caesareae
1023 3410 1071 3484 iu
1080 3411 1152 3486 Pa·
1288 3483 1290 3489 ,

145 3504 316 3612 laestina,
331 3525 510 3615 Melenos,
536 3523 768 3617 Alexander,
792 3526 970 3620 Marinus,
996 3527 1151 3614 &Astef
1199 3600 1206 3624 .

489 3711 495 3724 ,
1070 3670 1149 3724 rsus

144 3775 199 3861 (a)
222 3775 302 3858 nnc.
319 3793 360 3836 m
375 3773 505 3842 ecum
519 3769 675 3851 sereno,
697 3773 888 3863 Eutropius,
908 3776 942 3842 a
956 3777 1086 3845 omnus
1103 3779 1175 3848 as..
1268 3868 1276 3890 ,
1388 3758 1391 3766 ’

144 3917 148 3928 ,
227 3884 350 3959 serunt,
377 3899 446 3943 non
464 3879 625 3964 completo
641 3881 773 3948 biennio
791 3883 879 3951 suisse
891 3882 1088 3957 intersertos.

143 3992 190 4077 (ἰ)
211 3992 251 4060 G.
268 3989 303 4058 S.
335 3985 417 4072 (Ἀφ’,
439 4007 481 4051 Μ
499 4007 537 4052 Η.
1061 3985 1065 3990 ’
