2817 4734
542 174 731 299 ''e-t·
860 221 863 237 ’
990 186 1161 316 'ra

115 389 119 396 ’
156 385 284 472 tariren
304 415 330 468 a
357 390 472 468 coelis
492 388 693 490 sejunttus,
731 385 770 468 dt
791 385 974 487 habitauit
994 391 1035 472 in
1052 407 1162 480 utero

153 513 297 615 santiae
324 511 503 614 gloriosae
522 511 722 611 Deiparae,
761 510 960 612 &semper
985 508 1158 616 virginis'¹

151 618 276 714 anima
298 635 418 734 prius,
451 632 684 731 &membris
703 655 727 708 a
744 630 782 710 S.
798 632 940 732 Spiritu
965 641 1155 724 mundata.

9 732 17 744 ’
148 750 316 842 Verbum
332 777 420 832 caro
443 752 586 830 fanum·
601 734 671 860 eli,
708 753 747 832 δι
766 753 949 832 habitavit
971 758 1157 855 innubis,

86 856 89 872 ⁸
152 874 351 956 divinitate
376 874 439 951 sua
457 876 497 950 in
517 873 788 955 humanitatem
808 876 962 955 minime
987 879 1163 960 immuta.

97 1067 124 1084 ,.
152 1011 204 1077 ta.
261 985 480 1074 Invariabile
502 997 622 1084 enim,
658 995 697 1073 dt
727 995 958 1102 inmutabile
984 999 1055 1078 Dei
1080 1027 1163 1082 ver·

149 1121 240 1200 bum
260 1119 329 1208 est,
363 1118 426 1193 sed
440 1118 574 1193 uniens
592 1114 658 1192 fibi
673 1117 713 1191 in
731 1115 885 1215 persona
899 1143 947 1196 ex
962 1107 1163 1220 visceribus
1263 1211 1273 1229 s
1301 1089 1307 1099 ι

148 1227 328 1340 Deiparae
342 1239 502 1328 Mariae,
526 1261 679 1334 carnem
694 1238 819 1316 anima
835 1239 1025 1334 rationali,
1048 1257 1161 1346 atque

150 1361 372 1459 intelligenti
399 1360 605 1460 praeditam
636 1357 775 1453 absque
803 1359 1036 1454 consultore,
1077 1390 1161 1448 mu.

137 1483 316 1570 tatione,
348 1480 594 1593 separatione,
626 1467 838 1580 divulsione.
888 1481 1035 1560 Dictum
1056 1481 1162 1568 estin

152 1601 323 1706 persona,
358 1600 445 1696 quia
464 1597 535 1673 Dei
550 1595 708 1673 verbum
727 1621 804 1678 non
823 1611 903 1674 erat
914 1603 1069 1699 ,unitum
1092 1607 1162 1686 ho.

150 1723 245 1800 mini
265 1730 378 1795 antea
398 1713 584 1804 sormato,
620 1713 683 1790 sed
700 1714 817 1814 ipsum
838 1717 878 1792 in
898 1716 961 1794 sua
977 1719 1162 1806 subfisten.

150 1843 207 1920 tia
226 1838 428 1937 persestum
440 1833 638 1934 perfodiam
650 1833 753 1909 suam
769 1833 880 1934 ipsius,
891 1835 1162 1928 humanitatem

155 1955 324 2038 assumsit.
373 1959 478 2035 Unus
499 1953 640 2055 semper
659 1954 817 2032 existens
833 1956 1020 2052 Christus,
1043 1965 1160 2062 filius,

7 2172 19 2190 ,
151 2080 362 2168 Dominus,
402 2079 441 2156 dt
464 2077 548 2153 Rex
568 2077 747 2182 omnium.
804 2077 974 2158 Nascitur
976 2107 1086 2210 ergo
1112 2115 1162 2170 ex
1273 2120 1280 2138 ’

149 2201 274 2304 puella
291 2199 503 2299 nuptiarum
521 2211 694 2299 experte,
729 2221 777 2274 ex
797 2197 935 2278 semine
951 2163 1105 2285 Davidis
1121 2213 1162 2292 dc
1222 2241 1224 2253 ν

48 2321 52 2327 ’
151 2322 358 2402 Abrahami
373 2320 540 2410 oriunda,
566 2311 1192 2428 vere,&non1magmar1eDeue·
1239 2431 1243 2438 Ι

150 2467 263 2522 vetus
289 2442 376 2520 cum
400 2440 578 2540 assumpta
599 2454 742 2518 natura.
805 2441 931 2542 Atque
962 2445 1051 2526 hinc
1076 2477 1163 2551 pro.
1260 2529 1263 2552 Ι

14 2623 18 2641 ,
150 2565 251 2666 prio,
276 2565 316 2642 &
332 2586 420 2640 vere
435 2563 554 2640 santia
570 2563 675 2660 virgo
692 2562 1164 2680 Deiparaest,·quaes1cut
1205 2567 1209 2574 ’

85 2711 90 2721 ‘
145 2708 239 2764 eum
256 2698 486 2782 conceperat,
513 2682 561 2760 sic
575 2705 663 2758 eum
675 2684 829 2782 peperit
879 2685 976 2764 Nam
990 2688 1063 2769 srne
1080 2719 1163 2772 cor

152 2807 324 2908 ruptione
338 2804 528 2906 concepit,
564 2782 603 2881 dt
620 2828 684 2892 eo,
720 2825 784 2902 qur
771 2804 880 2880 Deo
899 2813 1162 2906 conveniebat,

148 2929 266 3007 modo
284 2925 412 3028 edidit.
462 2925 560 3003 Nam
580 2946 666 2999 cum
687 2941 798 3000 verus
814 2925 915 3001 Deus
937 2927 1025 3006 esset
1050 2957 1162 3012 carne
1227 2993 1234 3016 s

153 3073 203 3128 cx
223 3048 300 3148 ipsa
313 3045 491 3157 suscepta,
521 3044 633 3122 nullis
647 3044 696 3122 ad
711 3041 925 3144 ingressum,
958 3064 1023 3128 aut
1043 3054 1164 3152 egres-
