2817 4734
501 263 505 270 ’
576 261 723 346 *ss-3⁴
904 210 907 223 '
995 202 999 215 x
1079 283 1154 361 247

148 457 301 538 coepere
328 435 493 538 Dionysi
517 436 685 539 Episcdpi
707 436 953 557 Alexandrini
973 443 1150 542 tempori·

146 560 233 649 bus,
269 559 359 657 quin
379 561 499 637 adhuc
520 560 786 662 superioribus,
833 563 945 638 Hunc
959 564 1150 639 Manetem

142 679 335 758 Persarum
369 683 452 758 Rex
482 682 610 758 vivum
634 682 817 759 excoriari
844 681 964 780 jussit,
1000 682 1148 781 eoquod
1219 688 1250 782 j

143 801 289 898 aegroti
309 800 364 877 sui
384 801 450 878 filii
473 804 702 880 curationem
722 803 897 902 suscipere
919 803 1026 880 ausus
1046 802 1145 880 esset.
1194 832 1196 838 ⁸
1319 860 1327 878 ,

141 923 260 999 Carus
272 913 346 998 una
358 945 443 998 cum
457 923 542 999 filiis
557 923 865 1024 inMesopotamia
883 923 1036 999 fulmine
1053 923 1146 1000 istus

141 1043 316 1120 concidit
380 1043 463 1120 Post
483 1028 593 1150 illos
583 1047 779 1172 imperium
794 1043 1073 1133 Diocletianus,
1106 1044 1147 1124 dr

141 1163 390 1244 Maximianus
413 1187 530 1241 annos
557 1191 598 1242 21
633 1143 758 1266 adepti
784 1166 888 1256 sunt,
924 1153 988 1242 sub
1012 1164 1146 1262 quibus

142 1284 363 1384 gravissima,
387 1309 431 1361 ae
451 1285 683 1396 longiffima
673 1311 714 1362 m
733 1285 958 1364 Christianos
975 1287 1144 1385 persecu

139 1410 242 1484 tione
262 1407 385 1487 sassa
375 1430 609 1495 innumerae,
636 1381 675 1485 dc
694 1407 759 1503 soli
772 1407 851 1482 Deo
872 1407 1044 1508 cognitae
1059 1422 1156 1504 my·'

137 1529 259 1607 riades
272 1552 339 1630 pro
356 1527 499 1604 Christo
513 1526 694 1629 cecidere.x
743 1524 1143 1625 HymenaeusAelien·
1226 1510 1234 1525 ’

136 1649 182 1728 fis
197 1649 435 1749 Episcopatus
455 1669 608 1722 munere
621 1630 812 1723 d'esunstus
829 1647 994 1724 Zabdam
1007 1646 1143 1723 succes·

138 1772 257 1850 sorem
283 1769 459 1864 reliquit,
501 1766 637 1864 illoque
663 1779 812 1843 mortuo
835 1767 995 1843 Hermes
1017 1749 1142 1847 sedem

134 1887 509 1986 Hierosolymitanam
523 1886 654 1963 tenuit.
700 1887 973 1975 Diocletianus,
1004 1887 1043 1965 dc
1058 1889 1140 1965 Ma·

135 2013 321 2088 ximianus
333 2007 556 2106 cognomine
577 2008 774 2085 Herculius
795 2006 922 2086 occisis
936 2007 1139 2087 santlorum
1260 2008 1263 2016 '

132 2131 261 2210 multis
275 2130 448 2220 millibuS,
474 2128 570 2227 quasr
587 2153 652 2206 eos
668 2131 849 2208 malorum
864 2129 1011 2206 satietas
1025 2129 1139 2228 cepis·

131 2255 210 2344 set,
255 2251 454 2328 immodica
476 2251 612 2327 mentis
640 2252 788 2333 vesania
814 2250 923 2342 elati„
962 2251 1136 2343 obtentu,

130 2377 251 2454 Deum
272 2373 307 2450 se
330 2371 482 2450 induisse
505 2370 732 2471 Alytarchas
753 2373 890 2464 fastos,
921 2397 969 2450 ex
985 2395 1139 2470 compo.
1225 2478 1227 2481 Ι
1276 2362 1297 2398 ἰ

132 2497 196 2575 srto
211 2495 406 2597 imperium
419 2493 654 2584 abdicarunt,
680 2497 719 2576 dc
733 2496 768 2573 se
781 2497 881 2574 vitae
896 2496 1062 2596 privatae
1078 2516 1137 2570 re·

130 2619 335 2700 stituerunt.
399 2615 649 2694 Maximianus
671 2629 816 2707 autem,
850 2617 914 2715 qui
933 2615 1137 2691 vocabatur

38 2803 45 2820 .
131 2740 320 2827 Galerius»,
354 2737 392 2814 du
407 2736 620 2819 Maxentius
631 2737 798 2824 Herculii
810 2737 907 2813 filius
923 2737 1135 2814 Romanum

131 2859 328 2960 imperium
341 2881 406 2958 per
421 2880 557 2974 novem
574 2881 690 2934 annos
704 2882 846 2958 cepere.
896 2856 961 2932 llle
983 2855 1134 2953 quidem
1273 2853 1279 2860 ’

129 2984 170 3058 in
188 2980 330 3092 oriente
346 2977 526 3068 versatur,
553 2978 615 3055 hic
637 2983 726 3056 vero
747 2981 786 3056 in
801 2977 876 3079 ipsa
892 2979 1055 3054 maxima
1072 2997 1136 3053 ur·

128 3104 175 3186 be
190 3103 311 3182 Roma
326 3095 496 3187 residens,
520 3098 663 3182 belluae
679 3101 753 3180 hae
765 3098 1015 3204 ferocissimae,
1039 3100 1079 3180 oc
1092 3099 1133 3177 in

1020 3246 1132 3302 omne

868 3589 1055 3658 amissus·
1017 3608 1129 3670 ιολιιμ·
