2817 4734
585 201 731 288 ἦτζ*
799 244 813 261 s
1090 204 1159 288 185

158 368 247 451 m'ox
271 374 308 453 &
332 375 519 465 Herodis,
552 374 614 451 sub
637 399 710 471 quo
726 374 921 471 ‚Dominus
951 372 1069 475 passus
1091 376 1160 465 est,

162 498 384 572 tetrarchiis.
418 498 511 592 ,sslej
529 497 629 571 enim
648 518 808 572 unacum
831 496 1045 589 Herodiade
1070 520 1162 571 uxo-

157 640 198 691 re
228 612 276 693 ab
303 617 458 716 crimina
483 608 638 714 plurima
665 639 804 714 poenas
817 616 944 713 dedit,
983 628 1025 690 ut
1040 618 1086 691 de
1104 616 1163 695 his

135 737 335 835 ‘Josephus
363 736 524 814 testatur.
571 736 711 814 Pilatus
739 739 845 825 verb,
885 738 948 833 qui
970 737 1162 815 servatoris
1305 832 1308 843 .

156 857 306 957 paffioni
333 859 478 947 aderat,
519 858 582 934 sub
609 861 700 955 Cajo
721 856 872 933 Caesare
896 861 934 931 in
959 871 1081 933 tantas
1107 861 1163 936 in-

9 1066 17 1077 ,
157 980 251 1053 cidit
282 980 536 1069 calamitates,
582 995 624 1053 ut
648 977 853 1054 necestitate
877 978 1067 1073 adduttus·
1083 978 1163 1053 sibi-

159 1113 239 1175 met
264 1114 422 1177 mortem
452 1087 705 1208 conseiscendo
735 1100 948 1205 supplicium
965 1102 1010 1175 de
1033 1101 1068 1177 se
1090 1102 1163 1199 ipse

159 1220 337 1310 sumeret,
370 1222 514 1297 ultione·
526 1223 653 1297 divina
676 1246 751 1297 non
770 1222 887 1297 multo
909 1222 986 1317 post
1002 1243 1086 1297 eum
1107 1224 1165 1297 in·

158 1341 345 1437 sequente.
398 1344 550 1432 Graeci,
573 1344 890 1441 qui-Olympiades
904 1342 1163 1441 conscripsere,

158 1461 257 1558 haec·
271 1463 412 1562 scriptis
434 1464 687 1563 prodiderunt.
737 1462 1008 1571 Claudius‘Caji
1029 1464 1165 1539 succes·

157 1582 216 1659 sor
235 1608 354 1661 annos
366 1585 459 1661 -XlV
483 1584 671 1680 regnavit,
698 1582 761 1657 sub
785 1606 857 1679 quo
874 1584 1056 1681 Agrippa,
1088 1584 1167 1661 He·

158 1704 269 1780 rodes
294 1725 441 1801 quoque
464 1704 605 1791 ditius,
644 1703 820 1804 Jacobum
843 1704 993 1803 Joannis
1013 1683 1172 1794 fratrem¹
1264 1686 1271 1693 ³

157 1826 285 1921 gladio
303 1822 481 1921 percuffit.
519 1825 633 1924 ¹Jam,
658 1837 701 1897 ut
719 1822 816 1897 sacra
838 1823 999 1919 loquitur
1017 1822 1167 1921 scriptu-

164 1967 225 2032 ra,
248 1945 408 2043 Judaeos
426 1943 521 2019 farao
536 1945 607 2021 hoc
623 1942 822 2025 delectatos
839 1942 908 2020 effe
925 1943 1072 2031 videns,
1098 1944 1167 2019 Pe-

162 2074 263 2140 trum
289 2088 436 2165 quoque
457 2066 689 2162 aggreditur,
724 2088 882 2161 eumque
904 2066 1043 2141 carceri
1062 2063 1167 2141 manl.

162 2184 301 2275 datum,
326 2208 456 2283 parum
469 2186 597 2274 abfuit,
624 2187 714 2284 quin
730 2188 841 2263 morti
856 2186 1075 2273 tradidisset,
1101 2185 1166 2261 nifi
1241 2234 1248 2241 -

156 2286 392 2405 'providentia
410 2306 536 2383 divinat
552 2309 695 2383 adstans
712 2306 775 2407 ipfi
795 2308 903 2383 notin
917 2309 1070 2404 angelus
1086 2308 1167 2383 vin·
1198 2367 1200 2381 .
1300 2340 1308 2357 ·

161 2428 254 2502 culis
274 2427 431 2504 solutum
456 2433 641 2509 &carcere
663 2428 852 2507 eduxisset.
902 2431 951 2507 Et
967 2430 1059 2505 haec
1087 2430 1167 2527 qui·
1252 2478 1256 2485 -

162 2549 248 2621 dem
264 2548 314 2638 de,
321 2550 448 2627 divino
464 2552 585 2627 Petro.
636 2548 713 2627 Sed
731 2553 778 2626 ad
796 2529 1037 2633 vindicarrdos
1050 2552 1166 2647 Regis
1303 2549 1316 2572 '¹

162 2670 201 2743 in
225 2666 419 2763 Apostolos
447 2670 553 2747 ausus
575 2671 677 2782 nulla
706 2672 864 2768 amplius
886 2666 1014 2746 dilatis
1042 2672 1167 2745 locum

161 2789 310 2879 habuit,
352 2792 444 2895 Mox
457 2791 550 2869 ultio
566 2791 715 2869 divinae
731 2790 888 2891 justitiae
905 2791 1065 2869 ministra
1081 2809 1168 2869 eunt
1256 2866 1281 2878 ,,

760 2922 764 2929 ’
926 2980 930 2993 ,
1040 2911 1166 3013 seque-
