2817 4734
343 311 345 320 ,
567 240 712 323 *ἓ--ζο
1080 242 1150 345 293
1178 186 1180 193 v

328 416 413 493 oe
449 415 641 517 Jonuue
681 416 967 531 mnemon„

241 604 425 704 Joannem
439 592 668 701 Theologum
693 602 837 703 Epheso
859 604 1017 679 Romam
1040 602 1154 700 addu-

154 724 249 800 stum
266 726 429 800 examini
452 724 622 823 subjecit,
655 725 694 802 dc
717 725 787 798 viri
812 722 1024 821 sapientiam
1038 724 1155 797 admi·

114 896 118 903 -
146 859 250 922 ratus
275 846 314 919 in
337 846 507 921 Patmum
527 846 681 921 insulam
702 842 891 941 relegavit.
956 842 1007 943 Et
1031 844 1153 918 Onesi-

147 989 232 1043 mus
256 966 375 1064 primd
405 968 554 1063 quidem
584 967 812 1043 Philemonis
843 966 991 1054 servus¹,
1032 964 1155 1063 postea

80 1137 99 1158 „
148 1088 240 1161 vero
262 1085 492 1181 consecratus
514 1089 664 1187 aPaulo
681 1086 879 1187 Episcopus
898 1085 1019 1162 srasiis
1042 1086 1156 1159 cruri·
1174 1132 1185 1154 -,

150 1207 222 1288 bus
241 1229 307 1304 pro
322 1208 461 1285 Christo
476 1225 633 1285 mortem
651 1211 754 1285 obiit.
805 1209 906 1283 Idem
922 1192 1156 1285 Domitianus

152 1352 326 1426 magnam
342 1330 380 1403 in
393 1331 552 1431 Judaeos
565 1329 855 1427 persecutionem
872 1328 1058 1417 excitavit,
1078 1352 1158 1413 om·
1196 1393 1215 1431 ,

152 1474 220 1525 nes
238 1454 258 1526 e
275 1452 387 1551 stirpe¹
398 1453 512 1548 regia,
540 1452 654 1536 idest,
675 1448 829 1523 Davidis
847 1450 1021 1526 oriundos
1038 1452 1158 1556 inqui-

155 1586 252 1647 rens,
303 1572 484 1647 Indicium
498 1571 597 1645 enim
614 1570 667 1643 issi
682 1568 817 1647 fastum
834 1584 912 1645 erat
929 1570 1158 1673 deDomino,

155 1692 255 1790 quod
282 1717 303 1767 a
325 1690 468 1765 Davide
500 1690 677 1763 oriundus
701 1706 820 1785 genus
843 1677 1019 1784 magnum
1044 1690 1157 1765 habe·
1274 1688 1276 1696 ’

153 1826 230 1898 ret,
266 1811 365 1907 quod
382 1809 515 1884 Christi
534 1832 671 1882 nomen
696 1808 947 1905 profiteretur,
983 1810 1020 1886 δι
1041 1811 1160 1909 Jesum

156 1930 339 2005 Christum
358 1929 587 2028 praedicaret
607 1930 752 2027 Regem
780 1942 987 2025 aeternum,
1014 1932 1076 2027 qui
1094 1931 1163 2019 dis·

108 2137 110 2146 Α
160 2048 287 2124 solutis
312 2049 482 2124 omnibus
510 2050 572 2124 sub
599 2051 704 2125 coelo
728 2052 853 2147 regnis
873 2050 968 2125 solus
988 2065 1163 2147 regnatu·

157 2193 220 2244 rus
244 2149 340 2245 esset.
407 2172 487 2260 Qua
511 2194 551 2246 re
570 2170 708 2248 irarum
728 2173 858 2271 plenus
879 2172 1008 2248 Caesar
1027 2171 1159 2263 edixit,

157 2290 288 2387 nequis
306 2290 596 2368 Christianorum
626 2293 734 2397 vivus
757 2293 980 2389 relinqueret
981 2317 1038 2387 ur;
1077 2295 1163 2369 mit·

157 2424 247 2485 tens
263 2414 351 2487 vero
378 2411 691 2510 Hierosolymam,
732 2414 893 2512 quinque
915 2415 1028 2514 Judae
1050 2412 1164 2515 nepo·

160 2545 217 2606 tes
236 2533 368 2607 fratres
381 2534 533 2609 Domini
555 2536 695 2609 vindos
720 2536 879 2625 Romam
900 2537 1033 2611 adduci
1050 2532 1161 2635 juffit,
1276 2620 1289 2637 ἱ

161 2677 252 2750 quos
271 2654 316 2728 de
332 2654 493 2743 Christo,
521 2654 675 2751 ejusque
692 2677 808 2751 regno
824 2656 1076 2753 interrogavit.
1109 2660 1175 2732 slsi

162 2786 286 2900 autem
308 2797 347 2848 re
350 2776 589 2871 sp,onderunt
614 2798 780 2870 regnum
802 2774 882 2873 ejus
908 2801 982 2851 non
1007 2777 1076 2851 esse
1091 2790 1165 2852 ter·
1233 2767 1235 2773 ’

161 2875 309 2983 renuin,
344 2894 405 2971 sed
427 2895 592 2994 coeleste
644 2895 739 2975 Fore
759 2904 903 2984 tamen,
927 2907 969 2971 ut
987 2896 1026 2971 in
1043 2876 1215 2973 saecu-

140 3015 280 3093 fsorum
301 3014 373 3120 sine
397 3014 445 3093 ad
467 2991 741 3119 judicandon
709 3040 746 3095 vr
748 3040 844 3109 von„
858 3016 896 3095 dc
917 3029 1100 3107 mortuos,
1127 3018 1165 3101 &

161 3136 209 3212 ad
240 3112 470 3214 reddendum
505 3139 702 3236 unicuique
724 3137 922 3215 secundum
946 3158 1056 3237 opera
1085 3139 1166 3237 ejus

163 3280 247 3331 cnm
270 3258 386 3352 gloria
410 3260 578 3343 veniat„-
596 3260 677 3344 Quo
701 3258 827 3337 audito
844 3256 975 3334 Caesar
993 3262 1166 3357 perterri-

130 3424 132 3429 -
163 3390 224 3451 tus
237 3402 302 3454 eos
322 3380 471 3473 dimisit,
497 3366 846 3463 &Christianorum
859 3376 1102 3482 persecutioni
1124 3380 1166 3455 fr·

845 3604 847 3609 ¹
947 3554 951 3563 ,
1078 3524 1165 3582 nem

462 3630 496 3670 ,Χ
739 3654 741 3659 ι

156 3752 213 3833 (e)
231 3749 285 3819 As
297 3750 345 3822 M.
375 3764 489 3829 poam

161 3880 226 3969 m
249 3878 442 3967 nm·
410 3886 546 3947 rovum
668 3920 672 3927 -

169 4012 222 4101 (g)
245 4012 319 4082 Msc
341 4014 376 4081 in
391 4011 534 4098 margine
548 4016 678 4077 notatur
693 4032 737 4093 ug.
757 4004 880 4087 iao-ppo,
913 4050 919 4061 ,
